@misc{web:Hackolade,
  title = {Hackolade},
  author = {Hackolade},
  year = {},
  note = {Last accessed 15 May 2022},
  url = {https://hackolade.com}
}

@misc{web:MSDatabases,
  title = {Database design},
  author = {Microsoft},
  year = {},
  note = {Last accessed 15 May 2022},
  url = {https://docs.microsoft.com/en-us/sql/relational-databases/databases/databases?view=sql-server-ver15}
}

@article{kohler2018sql,
  title={SQL schema design: foundations, normal forms, and normalization},
  author={K{\"o}hler, Henning and Link, Sebastian},
  journal={Information Systems},
  volume={76},
  pages={88--113},
  year={2018},
  publisher={Elsevier}
}

@misc{web:AboutMongo,
  title = {About MongoDB},
  author = {MongoDB},
  year = {},
  note = {Last accessed 15 May 2022},
  url = {https://www.mongodb.com/what-is-mongodb}
}

@misc{web:MongoNoSQL,
  title = {MongoDB - What is NoSQL?},
  author = {MongoDB},
  year = {},
  note = {Last accessed 15 May 2022},
  url = {https://www.mongodb.com/nosql-explained}
}

@article{khazaei2016choose,
  title={How do I choose the right NoSQL solution? A comprehensive theoretical and experimental survey},
  author={Khazaei, Hamzeh and Fokaefs, Marios and Zareian, Saeed and Beigi-Mohammadi, Nasim and Ramprasad, Brian and Shtern, Mark and Gaikwad, Purwa and Litoiu, Marin},
  journal={Big Data \& Information Analytics},
  volume={1},
  number={2\&3},
  pages={185},
  year={2016},
  publisher={American Institute of Mathematical Sciences}
}

@misc{web:IBMCAP,
  title = {CAP Theorem},
  author = {IBM},
  year = {2019},
  note = {Last accessed 15 May 2022},
  url = {https://www.ibm.com/cloud/learn/cap-theorem}
}

@article{cattell2011scalable,
  title={Scalable SQL and NoSQL data stores},
  author={Cattell, Rick},
  journal={Acm Sigmod Record},
  volume={39},
  number={4},
  pages={12--27},
  year={2011},
  publisher={ACM New York, NY, USA}
}

@article{rad2017introduction,
  title={An introduction to docker and analysis of its performance},
  author={Rad, Babak Bashari and Bhatti, Harrison John and Ahmadi, Mohammad},
  journal={International Journal of Computer Science and Network Security (IJCSNS)},
  volume={17},
  number={3},
  pages={228},
  year={2017},
  publisher={International Journal of Computer Science and Network Security}
}


@misc{web:MongoDocker,
  title = {Docker and MongoDB},
  author = {MongoDB},
  year = {},
  note = {Last accessed 15 May 2022},
  url = {https://www.mongodb.com/compatibility/docker}
}

@misc{web:MongoIndexes,
  title = {Indexes},
  author = {MongoDB},
  year = {},
  note = {Last accessed 15 May 2022},
  url = {https://www.mongodb.com/docs/manual/indexes/}
}

@inproceedings{villamizar2016infrastructure,
  title={Infrastructure cost comparison of running web applications in the cloud using AWS lambda and monolithic and microservice architectures},
  author={Villamizar, Mario and Garces, Oscar and Ochoa, Lina and Castro, Harold and Salamanca, Lorena and Verano, Mauricio and Casallas, Rubby and Gil, Santiago and Valencia, Carlos and Zambrano, Angee and others},
  booktitle={2016 16th IEEE/ACM International Symposium on Cluster, Cloud and Grid Computing (CCGrid)},
  pages={179--182},
  year={2016},
  organization={IEEE}
}

@article{benson2010understanding,
  title={Understanding data center traffic characteristics},
  author={Benson, Theophilus and Anand, Ashok and Akella, Aditya and Zhang, Ming},
  journal={ACM SIGCOMM Computer Communication Review},
  volume={40},
  number={1},
  pages={92--99},
  year={2010},
  publisher={ACM New York, NY, USA}
}

@inproceedings{alizadeh2010data,
  title={Data center tcp (dctcp)},
  author={Alizadeh, Mohammad and Greenberg, Albert and Maltz, David A and Padhye, Jitendra and Patel, Parveen and Prabhakar, Balaji and Sengupta, Sudipta and Sridharan, Murari},
  booktitle={Proceedings of the ACM SIGCOMM 2010 Conference},
  pages={63--74},
  year={2010}
}

@article{truong2019gdpr,
  title={Gdpr-compliant personal data management: A blockchain-based solution},
  author={Truong, Nguyen Binh and Sun, Kai and Lee, Gyu Myoung and Guo, Yike},
  journal={IEEE Transactions on Information Forensics and Security},
  volume={15},
  pages={1746--1761},
  year={2019},
  publisher={IEEE}
}

@inproceedings{clayton2006ignoring,
  title={Ignoring the great firewall of china},
  author={Clayton, Richard and Murdoch, Steven J and Watson, Robert NM},
  booktitle={International Workshop on Privacy Enhancing Technologies},
  pages={20--35},
  year={2006},
  organization={Springer}
}

@misc{web:Cloudflare,
  title = {About Cloudflare},
  author = {Cloudflare},
  year = {},
  note = {Last accessed 15 May 2022},
  url = {https://www.cloudflare.com/en-gb/}
}

@misc{web:MSDevOPS,
  title = {What is DevOps?},
  author = {Microsoft},
  year = {},
  note = {Last accessed 15 May 2022},
  url = {https://azure.microsoft.com/en-gb/overview/what-is-devops/}
}